<?xml version="1.0" encoding="UTF-8"?><record xmlns="http://www.loc.gov/MARC21/slim" xmlns:cinclude="http://apache.org/cocoon/include/1.0" xmlns:zs="http://www.loc.gov/zing/srw/">
  <leader>00374cz  a2200121n  4500</leader>
  <controlfield tag="001">n 2009204127</controlfield>
  <controlfield tag="003">DLC</controlfield>
  <controlfield tag="005">20091015075348.0</controlfield>
  <controlfield tag="008">091014n| acannaabn          |n aaa      </controlfield>
  <datafield tag="010" ind1=" " ind2=" ">
    <subfield code="a">n 2009204127</subfield>
  </datafield>
  <datafield tag="040" ind1=" " ind2=" ">
    <subfield code="a">DLC</subfield>
    <subfield code="b">eng</subfield>
    <subfield code="c">DLC</subfield>
  </datafield>
  <datafield tag="100" ind1="1" ind2=" ">
    <subfield code="a">Karaçam, Burhan,</subfield>
    <subfield code="d">1949-</subfield>
  </datafield>
  <datafield tag="670" ind1=" " ind2=" ">
    <subfield code="a">Orası Yapı Krediydi, fark oradaydı, 1987-1999, 2006:</subfield>
    <subfield code="b">t.p. (Burhan Karaçam) p. 1 (b. 1949 in Istanbul)</subfield>
  </datafield>
</record>